<?xml version="1.0" encoding="UTF-8"?><collection xmlns="http://www.loc.gov/MARC21/slim"><record><leader>00351nam--2200133-i-4500</leader><controlfield tag="001">000027294</controlfield><controlfield tag="002">20161230</controlfield><controlfield tag="005">20161230201036</controlfield><controlfield tag="008">060222s1000------------r-----000-0-eng-d</controlfield><datafield ind1=" " ind2=" " tag="080"><subfield code="a">621.382:539.232</subfield></datafield><datafield ind1=" " ind2=" " tag="100"><subfield code="a">Kooi, E</subfield></datafield><datafield ind1=" " ind2=" " tag="245"><subfield code="a">The surface properties of oxidized silicon</subfield></datafield><datafield ind1=" " ind2=" " tag="260"><subfield code="a">Eindhoven, Philips Technical Library, 1967. 134p</subfield></datafield><datafield ind1=" " ind2=" " tag="852"><subfield code="a">29835</subfield></datafield></record></collection>